<?xml version="1.0" encoding="UTF-8"?><collection xmlns="http://www.loc.gov/MARC21/slim"><record><leader>00366nam--2200121-i-4500</leader><controlfield tag="001">000046657</controlfield><controlfield tag="002">20161230</controlfield><controlfield tag="005">20161230201046</controlfield><controlfield tag="008">060222s1000------------r-----000-0-eng-d</controlfield><datafield ind1=" " ind2=" " tag="100"><subfield code="a">Vickery, B.C</subfield></datafield><datafield ind1=" " ind2=" " tag="245"><subfield code="a">Classification and indexing in science. with an introduction by d.j.foskett. 2nd edition enlarged</subfield></datafield><datafield ind1=" " ind2=" " tag="260"><subfield code="a">London, Butterworth, 1959, Xix+235p</subfield></datafield><datafield ind1=" " ind2=" " tag="852"><subfield code="a">15684</subfield></datafield></record></collection>